
@ARTICLE{Jingqiao-JADE-2009, 
author={Jingqiao Zhang and Sanderson, A.C.}, 
journal={Evolutionary Computation, IEEE Transactions on}, 
title={JADE: Adaptive Differential Evolution With Optional External Archive}, 
year={2009}, 
volume={13}, 
number={5}, 
pages={945-958}, 
doi={10.1109/TEVC.2009.2014613}}

@article{Storn-DE-first-1997,
year={1997},
journal={Journal of Global Optimization},
volume={11},
number={4},
doi={10.1023/A:1008202821328},
title={Differential Evolution – A Simple and Efficient Heuristic for global Optimization over Continuous Spaces},
publisher={Kluwer Academic Publishers},
keywords={Stochastic optimization; nonlinear optimization; global optimization; genetic algorithm; evolution strategy},
author={Storn, Rainer and Price, Kenneth},
issn={0925-5001},
pages={341-359}
}


	
@article{Alu-2005,
	Author = {A. Alu and N. Engheta},
	Journal = {Phys.Rev.E},
	Pages = {016623},
	Timestamp = {2013.05.22},
	Title = {Achieving transparency with plasmonic and metamaterial coatings},
	Volume = {72},
	Year = {2005}}
	
  
	
@article{Semouchkina-2013,
	Author = {X.Wang and F.Chen and E. Semouchkina},
	Journal = {AIP Advances},
	Pages = {112111},
	Title = {Spherical cloaking using multilayer shells of ordinary dielectrics},
	Volume = {3},
	Year = {2013}}

@article{Pena-scattnlay-2009,
	title = {Scattering of electromagnetic radiation by a multilayered sphere},
	volume = {180},
	number = {11},
	journal = {Computer Physics Communications},
	author = {Pe\~{n}a, O. and Pal, U.},
	month = nov,
	year = {2009},
	keywords = {Cross-sections, Efficiency factors, Mie scattering, Multilayered sphere},
	pages = {2348--2354}}

@article{Yang-2003,
	title = {Improved recursive algorithm for light scattering by a multilayered sphere},
	volume = {42},
	number = {9},
	journal = {Applied Optics},
	author = {Yang, Wen},
	month = mar,
	year = {2003},
	keywords = {Aerosols, Atmospheric scattering, Multiple scattering, Scattering, particles},
	pages = {1710--1720}}

@article{Qui-2009,
  title = {Spherical cloaking with homogeneous isotropic multilayered structures},
  author = {Qiu, Cheng-Wei and Hu, Li and Xu, Xiaofei and Feng, Yijun},
  journal = {Phys. Rev. E},
  volume = {79},
  issue = {4},
  pages = {047602},
  numpages = {4},
  year = {2009},
  month = {Apr},
  publisher = {American Physical Society},
  doi = {10.1103/PhysRevE.79.047602},
  url = {http://link.aps.org/doi/10.1103/PhysRevE.79.047602}
}



@MISC { CST-web,
url = {{https://www.cst.com/Products/CSTMWS}},
}
@MISC { JADE-web,
url = {{https://github.com/kostyfisik/jade}},
}

@MISC { Scattnlay-web,
url = {{https://github.com/ovidiopr/scattnlay}},
}
@MISC { Comsol-web,
url = {{http://www.comsol.com/comsol-multiphysics}},
}




@article{Xi-PRB-2009,
  title = {Route to low-scattering cylindrical cloaks with finite permittivity and permeability},
  author = {Xi, Sheng and Chen, Hongsheng and Zhang, Baile and Wu, Bae-Ian and Kong, Jin Au},
  journal = {Phys. Rev. B},
  volume = {79},
  issue = {15},
  pages = {155122},
  numpages = {4},
  year = {2009},
  month = {Apr},
  publisher = {American Physical Society},
  doi = {10.1103/PhysRevB.79.155122},
  url = {http://link.aps.org/doi/10.1103/PhysRevB.79.155122}
}

@article{Popa-PRA-2009,
  title = {Cloaking with optimized homogeneous anisotropic layers},
  author = {Popa, Bogdan-Ioan and Cummer, Steven A.},
  journal = {Phys. Rev. A},
  volume = {79},
  issue = {2},
  pages = {023806},
  numpages = {4},
  year = {2009},
  month = {Feb},
  publisher = {American Physical Society},
  doi = {10.1103/PhysRevA.79.023806},
  url = {http://link.aps.org/doi/10.1103/PhysRevA.79.023806}
}

@article{Xu-PRL-2012,
  title = {Experimental Demonstration of a Free-Space Cylindrical Cloak without Superluminal Propagation},
  author = {Xu, Su and Cheng, Xiangxiang and Xi, Sheng and Zhang, Runren and Moser, Herbert O. and Shen, Zhi and Xu, Yang and Huang, Zhengliang and Zhang, Xianmin and Yu, Faxin and Zhang, Baile and Chen, Hongsheng},
  journal = {Phys. Rev. Lett.},
  volume = {109},
  issue = {22},
  pages = {223903},
  numpages = {5},
  year = {2012},
  month = {Nov},
  publisher = {American Physical Society},
  doi = {10.1103/PhysRevLett.109.223903},
  url = {http://link.aps.org/doi/10.1103/PhysRevLett.109.223903}
}

@article{Lan-unidir-2D-cloak-ALP-2013,
   author = "Lan, Lu and Sun, Fei and Liu, Yichao and Ong, C. K. and Ma, Yungui",
   title = "Experimentally demonstrated a unidirectional electromagnetic cloak designed by topology optimization",
   journal = "Applied Physics Letters",
   year = "2013",
   volume = "103",
   number = "12", 
   eid = 121113,
   pages = "-",
   url = "http://scitation.aip.org/content/aip/journal/apl/103/12/10.1063/1.4821951",
   doi = "http://dx.doi.org/10.1063/1.4821951" 
}

@article{Ladutenko-2014,
   author = "Ladutenko, Konstantin and Pe\~{n}a-Rodr\'{i}guez, Ovidio and Melchakova, Irina and Yagupov, Ilya and Belov, Pavel",
   title = "Reduction of scattering using thin all-dielectric shells designed by stochastic optimizer",
   journal = "Journal of Applied Physics",
   year = "2014",
   volume = "116",
   number = "18", 
   eid = 184508,
   pages = "-",
   url = "http://scitation.aip.org/content/aip/journal/jap/116/18/10.1063/1.4900529",
   doi = "http://dx.doi.org/10.1063/1.4900529" 
}

@ARTICLE{Pena-2011,
author={Pe\~{n}a-Rodr\'{i}guez, Ovidio and Pal, U.},
title={Au@Ag core-shell nanoparticles: Efficient all-plasmonic Fano-resonance generators},
journal={Nanoscale},
year={2011},
volume={3},
number={9},
pages={3609-3612},
doi={10.1039/c1nr10625b},
url={http://www.scopus.com/inward/record.url?eid=2-s2.0-80052597938&partnerID=40&md5=c147d71b22ba8e793fc6a03577db7953},
document_type={Article},
source={Scopus},
}


@article{Lerme-2000,
year={2000},
issn={1434-6060},
journal={The European Physical Journal D - Atomic, Molecular, Optical and Plasma Physics},
volume={10},
number={2},
doi={10.1007/s100530050548},
title={Introduction of quantum finite-size effects in the Mie's theory for a multilayered metal sphere in the dipolar approximation: Application to free and matrix-embedded noble metal clusters},
url={http://dx.doi.org/10.1007/s100530050548},
publisher={EDP Sciences, Springer-Verlag, Società Italiana di Fisica},
keywords={PACS. 36.40.-c Atomic and molecular clusters - 71.45.Gm Exchange, correlation, dielectric and magnetic functions, plasmons - 71.10.-w Theories and models of many electron systems},
author={Lerm\'{e}, J.},
pages={265-277},
language={English}
}

@article{Takezawa-AIP-2014,
   author = "Takezawa, Akihiro and Kitamura, Mitsuru",
   title = "Enhancement of non-resonant dielectric cloaks using anisotropic composites",
   journal = "AIP Advances",
   year = "2014",
   volume = "4",
   number = "1", 
   eid = 017106,
   pages = "-",
   url = "http://scitation.aip.org/content/aip/journal/adva/4/1/10.1063/1.4861585",
   doi = "http://dx.doi.org/10.1063/1.4861585" 
}
@article{ufn-ru-2015,
	author = {A. V. Shchelokova and I. V. Melchakova and A. P. Slobozhanyuk and E. A. Yankovskaya and C. R. Simovskii and P. A. Belov},
	title = {Eksperimental'nye realizatsii maskiruyushchikh pokrytii},
	publisher = {Uspekhi Fizicheskikh Nauk},
	year = {2015},
	journal = {Uspekhi Fizicheskikh Nauk},
	volume = {185},
	number = {2},
	pages = {181-206},
	url = {http://ufn.ru/ru/articles/2015/2/e/},
	doi = {10.3367/UFNr.0185.201502e.0181}
}

@article {Mie-1908,
  author =	 {Mie, Gustav},
  title =	 "{Beitr{\"a}ge zur Optik tr{\"u}ber Medien, speziell
                  kolloidaler Metall{\"o}sungen}",
  journal =	 {Annalen der Physik},
  volume =	 {330},
  number =	 {3},
  publisher =	 {WILEY-VCH Verlag},
  issn =	 {1521-3889},
  url =		 {http://dx.doi.org/10.1002/andp.19083300302},
  doi =		 {10.1002/andp.19083300302},
  pages =	 {377--445},
  year =	 {1908}
}


@article{Suzuki-2008,
  title={Calculation of the Mie scattering field inside and outside a coated spherical particle},
  author={Suzuki, Honoh and Lee, I-Y Sandy},
  journal={International Journal of Physical Sciences},
  volume={3},
  number={1},
  pages={038--041},
  year={2008}
}

@ARTICLE{MacKowski-2012,
author={MacKowski, D.},
title={The extension of mie theory to multiple spheres},
journal={Springer Series in Optical Sciences},
year={2012},
volume={169},
pages={223-256},
doi={10.1007/978-3-642-28738-1_8},
url={http://www.scopus.com/inward/record.url?eid=2-s2.0-84865343825&partnerID=40&md5=510ad0aafab4c213381014dd1c791790},
document_type={Article},
source={Scopus},
}

@ARTICLE{Xie-2013,
author={Xie, T. and He, Y.-L. and Hu, Z.-J.},
title={Theoretical study on thermal conductivities of silica aerogel composite insulating material},
journal={International Journal of Heat and Mass Transfer},
year={2013},
volume={58},
number={1-2},
pages={540-552},
doi={10.1016/j.ijheatmasstransfer.2012.11.016},
url={http://www.scopus.com/inward/record.url?eid=2-s2.0-84871802287&partnerID=40&md5=a552e69da60d2321b56d666931e1b858},
document_type={Article},
source={Scopus},
}

@ARTICLE{Martin-2013,
author={Martin, J. and Proust, J. and Gérard, D. and Plain, J.},
title={Localized surface plasmon resonances in the ultraviolet from large scale nanostructured aluminum films},
journal={Optical Materials Express},
year={2013},
volume={3},
number={7},
pages={954-959},
doi={10.1364/OME.3.000954},
url={http://www.scopus.com/inward/record.url?eid=2-s2.0-84880422983&partnerID=40&md5=4913f50c7b93ad33adae7d4f499bc4ed},
document_type={Article},
source={Scopus},
}

@article{Xu-2005,
  title = {Multilayered metal core-shell nanostructures for inducing a large and tunable local optical field},
  author = {Xu, Hongxing},
  journal = {Phys. Rev. B},
  volume = {72},
  issue = {7},
  pages = {073405},
  numpages = {4},
  year = {2005},
  month = {Aug},
  publisher = {American Physical Society},
  doi = {10.1103/PhysRevB.72.073405},
  url = {http://link.aps.org/doi/10.1103/PhysRevB.72.073405}
}

@article{Li-2006, 
author = {Renxian Li and Xiang'e Han and Huifen Jiang and Kuan Fang Ren}, 
journal = {Appl. Opt.}, 
keywords = {Inhomogeneous optical media ; Electromagnetic optics ; Mie theory; Scattering, particles},
number = {6}, 
pages = {1260--1270}, 
publisher = {OSA},
title = {Debye series for light scattering by a multilayered sphere}, 
volume = {45}, 
month = {Feb},
year = {2006},
url = {http://ao.osa.org/abstract.cfm?URI=ao-45-6-1260},
doi = {10.1364/AO.45.001260},
abstract = {We have derived the formula for the Debye-series decomposition for light scattering by a multilayered sphere. This formulism permits the mechanism of light scattering to be studied.An efficient algorithm is introduced that permits stable calculation for a large sphere with many layers. The formation of triple first-order rainbows by a three-layered sphere and single-order rainbows and the interference of different-order rainbows by a sphere with a gradient refractive index, are then studied by use of the Debye model and Mie calculation. The possibility of taking only one single mode or several modes for each layer is shown to be useful in the study of the scattering characteristics of a multilayered sphere and in the measurement of the sizes and refractive indices of particles.},
}

@article{Sheehan-2013,
author = {Sheehan, Stafford W. and Noh, Heeso and Brudvig, Gary W. and Cao, Hui and Schmuttenmaer, Charles A.},
title = {Plasmonic Enhancement of Dye-Sensitized Solar Cells Using Core–Shell–Shell Nanostructures},
journal = {The Journal of Physical Chemistry C},
volume = {117},
number = {2},
pages = {927-934},
year = {2013},
doi = {10.1021/jp311881k},
URL = {  http://dx.doi.org/10.1021/jp311881k}

}

@article{Selmke-2012,
author = {Selmke, Markus and Braun, Marco and Cichos, Frank},
title = {Photothermal Single-Particle Microscopy: Detection of a Nanolens},
journal = {ACS Nano},
volume = {6},
number = {3},
pages = {2741-2749},
year = {2012},
doi = {10.1021/nn300181h},
URL = {http://dx.doi.org/10.1021/nn300181h}
}

@ARTICLE{Zhang-2010,
author={Zhang, J.Z.},
title={Biomedical applications of shape-controlled plasmonic nanostructures: A case study of hollow gold nanospheres for photothermal ablation therapy of cancer},
journal={Journal of Physical Chemistry Letters},
year={2010},
volume={1},
number={4},
pages={686-695},
doi={10.1021/jz900366c},
url={http://www.scopus.com/inward/record.url?eid=2-s2.0-77749279437&partnerID=40&md5=f448cec0b88b3d1fad47ada15a835d42},
document_type={Review},
source={Scopus},
}

@ARTICLE{Hirsch-2003,
author={Hirsch, L.R. and Stafford, R.J. and Bankson, J.A. and Sershen, S.R. and Rivera, B. and Price, R.E. and Hazle, J.D. and Halas, N.J. and West, J.L.},
title={Nanoshell-mediated near-infrared thermal therapy of tumors under magnetic resonance guidance},
journal={Proceedings of the National Academy of Sciences of the United States of America},
year={2003},
volume={100},
number={23},
pages={13549-13554},
doi={10.1073/pnas.2232479100},
url={http://www.scopus.com/inward/record.url?eid=2-s2.0-0345686712&partnerID=40&md5=ba493fca511c540244b4f49d74b753b0},
document_type={Article},
source={Scopus},
}

@ARTICLE{Gogoi-2010,
author={Gogoi, A. and Choudhury, A. and Ahmed, G.A.},
title={Mie scattering computation of spherical particles with very large size parameters using an improved program with variable speed and accuracy},
journal={Journal of Modern Optics},
year={2010},
volume={57},
number={21},
pages={2192-2202},
doi={10.1080/09500340.2010.533206},
url={http://www.scopus.com/inward/record.url?eid=2-s2.0-78650410982&partnerID=40&md5=004e6118cccdcd48314f1e191fcf36bc},
document_type={Article},
source={Scopus},
}

@article{Allain-2002,
title = "Surface-enhanced Raman scattering detection of the breast cancer susceptibility gene \{BRCA1\} using a silver-coated microarray platform ",
journal = "Analytica Chimica Acta ",
volume = "469",
number = "1",
pages = "149 - 154",
year = "2002",
issn = "0003-2670",
doi = "http://dx.doi.org/10.1016/S0003-2670(01)01537-9",
url = "http://www.sciencedirect.com/science/article/pii/S0003267001015379",
author = "Leonardo R Allain and Tuan Vo-Dinh",
}

@article{Kameya-2011,
title = "Enhancement of solar radiation absorption using nanoparticle suspension ",
journal = "Solar Energy ",
volume = "85",
number = "2",
pages = "299 - 307",
year = "2011",
issn = "0038-092X",
doi = "http://dx.doi.org/10.1016/j.solener.2010.11.021",
url = "http://www.sciencedirect.com/science/article/pii/S0038092X10003610",
author = "Yuki Kameya and Katsunori Hanamura",
}

@article{Mann-2011, 
author = {Sander A. Mann and Richard R. Grote and Richard M. Osgood and Jon A. Schuller}, 
journal = {Opt. Express}, 
keywords = {Diffraction gratings; Optical resonators; Mie theory; Solar energy; Subwavelength structures ; Thin film devices and applications},
number = {25}, 
pages = {25729--25740}, 
publisher = {OSA},
title = {Dielectric particle and void resonators for thin film solar cell textures}, 
volume = {19}, 
month = {Dec},
year = {2011},
url = {http://www.opticsexpress.org/abstract.cfm?URI=oe-19-25-25729},
doi = {10.1364/OE.19.025729},
abstract = {Abstract: Using Mie theory and Rigorous Coupled Wave Analysis (RCWA) we compare the properties of dielectric particle and void resonators. We show that void resonators---low refractive index inclusions within a high index embedding medium---exhibit larger bandwidth resonances, reduced peak scattering intensity, different polarization anisotropies, and enhanced forward scattering when compared to their particle (high index inclusions in a low index medium) counterparts. We evaluate amorphous silicon solar cell textures comprising either arrays of voids or particles. Both designs support substantial absorption enhancements (up to 45\%) relative to a flat cell with anti-reflection coating, over a large range of cell thicknesses. By leveraging void-based textures 90\% of above-bandgap photons are absorbed in cells with maximal vertical dimension of 100 nm.},
}


@article{Santiago-2011,
   author = "Santiago-Cordoba, Miguel A. and Boriskina, Svetlana V. and Vollmer, Frank and Demirel, Melik C.",
   title = "Nanoparticle-based protein detection by optical shift of a resonant microcavity",
   journal = "Applied Physics Letters",
   year = "2011",
   volume = "99",
   number = "7", 
   eid = 073701,
   pages = "-",
   url = "http://scitation.aip.org/content/aip/journal/apl/99/7/10.1063/1.3599706",
   doi = "http://dx.doi.org/10.1063/1.3599706" 
}

@article{Miller-2014,
  title = {Fundamental Limits to Extinction by Metallic Nanoparticles},
  author = {Miller, O. D. and Hsu, C. W. and Reid, M. T. H. and Qiu, W. and DeLacy, B. G. and Joannopoulos, J. D. and Solja\ifmmode \check{c}\else \v{c}\fi{}i\ifmmode \acute{c}\else \'{c}\fi{}, M. and Johnson, S. G.},
  journal = {Phys. Rev. Lett.},
  volume = {112},
  issue = {12},
  pages = {123903},
  numpages = {5},
  year = {2014},
  month = {Mar},
  publisher = {American Physical Society},
  doi = {10.1103/PhysRevLett.112.123903},
  url = {http://link.aps.org/doi/10.1103/PhysRevLett.112.123903}
}

@article{Alu-2014,
  title = {Minimum-scattering superabsorbers},
  author = {Mohammadi Estakhri, Nasim and Al\`u, Andrea},
  journal = {Phys. Rev. B},
  volume = {89},
  issue = {12},
  pages = {121416},
  numpages = {5},
  year = {2014},
  month = {Mar},
  publisher = {American Physical Society},
  doi = {10.1103/PhysRevB.89.121416},
  url = {http://link.aps.org/doi/10.1103/PhysRevB.89.121416}
}


@article{Fan-2010,
  title = {Superscattering of Light from Subwavelength Nanostructures},
  author = {Ruan, Zhichao and Fan, Shanhui},
  journal = {Phys. Rev. Lett.},
  volume = {105},
  issue = {1},
  pages = {013901},
  numpages = {4},
  year = {2010},
  month = {Jun},
  publisher = {American Physical Society},
  doi = {10.1103/PhysRevLett.105.013901},
  url = {http://link.aps.org/doi/10.1103/PhysRevLett.105.013901}
}

@article{Fan-2011,
   author = "Ruan, Zhichao and Fan, Shanhui",
   title = "Design of subwavelength superscattering nanospheres",
   journal = "Applied Physics Letters",
   year = "2011",
   volume = "98",
   number = "4", 
   eid = 043101,
   pages = "-",
   url = "http://scitation.aip.org/content/aip/journal/apl/98/4/10.1063/1.3536475",
   doi = "http://dx.doi.org/10.1063/1.3536475" 
}

@article{Tribelsky-2011,
  author={M. I. Tribelsky},
  title={Anomalous light absorption by small particles},
  journal={EPL (Europhysics Letters)},
  volume={94},
  number={1},
  pages={14004},
  url={http://stacks.iop.org/0295-5075/94/i=1/a=14004},
  year={2011},
  abstract={Light absorption by a spatially uniform spherical nanoparticle in the vicinity of surface plasmon (polariton) resonances is studied in detail based on the exact Mie solution. It is shown that the maximal absorption is achieved for a particle from weakly dissipating materials and may have very unusual properties. A simple universal formula describing the resonant absorption lineshape as a function of the particle size and its complex dielectric permittivity is obtained. Possible comparison with experiment is discussed.}
}

@book{Bohren-1983,
  title={Absorption and scattering of light by small particles},
  author={Craig F. Bohren and Huffman, D.R.},
  isbn={9780471293408},
  lccn={lc82020312},
  series={Wiley science paperback series},
  url={https://books.google.ru/books?id=S1RCZ8BjgN0C},
  year={1983},
  publisher={Wiley}
}

@book{palik-1997,
  title={Handbook of Optical Constants of Solids, Five-Volume Set: Handbook of Thermo-Optic Coefficients of Optical Materials with Applications},
  author={Palik, E.D.},
  isbn={9780080523750},
  url={https://books.google.ru/books?id=FeeNeEzQ3GMC},
  year={1997},
  publisher={Elsevier Science}
}

@article{Grigoriev-2015,
author = {Grigoriev, Victor and Bonod, Nicolas and Wenger, Jérôme and Stout, Brian},
title = {Optimizing Nanoparticle Designs for Ideal Absorption of Light},
journal = {ACS Photonics},
volume = {2},
number = {2},
pages = {263-270},
year = {2015},
doi = {10.1021/ph500456w},

URL = { 
        http://dx.doi.org/10.1021/ph500456w
    
},
eprint = { 
        http://dx.doi.org/10.1021/ph500456w
    
}

}

@article{ACS-AMI-Liu-2015,
author = {Zhengqi Liu and Xiaoshan Liu and Shan Huang and Pingping Pan and Jing Chen and Guiqiang Liu and Gang Gu},
title = {Automatically Acquired Broadband Plasmonic-Metamaterial Black Absorber during the Metallic Film-Formation},
journal = {ACS Applied Materials \& Interfaces},
volume = {7},
number = {8},
pages = {4962-4968},
year = {2015},
doi = {10.1021/acsami.5b00056},
    note ={PMID: 25679790},

URL = { 
        http://dx.doi.org/10.1021/acsami.5b00056
    
},
eprint = { 
        http://dx.doi.org/10.1021/acsami.5b00056
    
}

}

@article{Liu-MatLett-2015,
title = "Dielectric shell modulated plasmonic crystal for novel light absorption meta-surface ",
journal = "Materials Letters ",
volume = "158",
number = "",
pages = "262 - 265",
year = "2015",
note = "",
issn = "0167-577X",
doi = "http://dx.doi.org/10.1016/j.matlet.2015.06.029",
url = "http://www.sciencedirect.com/science/article/pii/S0167577X15300987",
author = "Zhengqi Liu and Guiqiang Liu and Xiaoshan Liu and Shan Huang and Yan Wang and Pingping Pan and Mulin Liu",
keywords = "Optical materials and properties",
keywords = "Microstructure",
keywords = "Absorption "
}


@article{Liu-Nanotech-2013,
  author={Zheng-qi Liu and Gui-qiang Liu and Hai-qing Zhou and Xiao-shan Liu and Kuan Huang and Yuan-hao Chen and Guo-lan Fu},
  title={Near-unity transparency of a continuous metal film via cooperative effects of double plasmonic arrays},
  journal={Nanotechnology},
  volume={24},
  number={15},
  pages={155203},
  url={http://stacks.iop.org/0957-4484/24/i=15/a=155203},
  year={2013},

}
	